<?xml version="1.0" encoding="UTF-8"?>
<record xmlns="http://www.loc.gov/MARC21/slim">
  <leader>01219cam a22003851a 4500</leader>
  <controlfield tag="001">001423722</controlfield>
  <controlfield tag="003">MiAaHDL</controlfield>
  <controlfield tag="005">20131223000000.0</controlfield>
  <controlfield tag="006">m        d        </controlfield>
  <controlfield tag="007">cr bn ---auaua</controlfield>
  <controlfield tag="008">940729s1851    nyu           000 0 eng</controlfield>
  <datafield tag="010" ind1=" " ind2=" ">
    <subfield code="a">07017953</subfield>
  </datafield>
  <datafield tag="019" ind1=" " ind2=" ">
    <subfield code="a">1862253</subfield>
    <subfield code="a">27699849</subfield>
  </datafield>
  <datafield tag="035" ind1=" " ind2=" ">
    <subfield code="a">sdr-ia-duke.003857158</subfield>
  </datafield>
  <datafield tag="035" ind1=" " ind2=" ">
    <subfield code="a">(OCoLC)30847311</subfield>
  </datafield>
  <datafield tag="035" ind1=" " ind2=" ">
    <subfield code="a">30847311</subfield>
  </datafield>
  <datafield tag="040" ind1=" " ind2=" ">
    <subfield code="a">DLC</subfield>
    <subfield code="c">IWU</subfield>
    <subfield code="d">DLC</subfield>
    <subfield code="d">KSU</subfield>
    <subfield code="d">GZM</subfield>
    <subfield code="d">PAU</subfield>
    <subfield code="d">WAU</subfield>
    <subfield code="d">BTCTA</subfield>
    <subfield code="d">NDD</subfield>
  </datafield>
  <datafield tag="049" ind1=" " ind2=" ">
    <subfield code="a">NDDB</subfield>
  </datafield>
  <datafield tag="050" ind1="0" ind2="0">
    <subfield code="a">PS2384</subfield>
    <subfield code="b">.M6 1851</subfield>
  </datafield>
  <datafield tag="099" ind1=" " ind2=" ">
    <subfield code="a">Riess</subfield>
    <subfield code="a">M531M</subfield>
  </datafield>
  <datafield tag="100" ind1="1" ind2=" ">
    <subfield code="a">Melville, Herman,</subfield>
    <subfield code="d">1819-1891.</subfield>
  </datafield>
  <datafield tag="245" ind1="1" ind2="0">
    <subfield code="a">Moby-Dick, or, the Whale /</subfield>
    <subfield code="c">by Herman Melville.</subfield>
  </datafield>
  <datafield tag="246" ind1="3" ind2="0">
    <subfield code="a">Whale</subfield>
  </datafield>
  <datafield tag="246" ind1="3" ind2="0">
    <subfield code="a">Moby-Dick</subfield>
  </datafield>
  <datafield tag="260" ind1=" " ind2=" ">
    <subfield code="a">New York :</subfield>
    <subfield code="b">Harper &amp; Brothers ;</subfield>
    <subfield code="a">London :</subfield>
    <subfield code="b">Richard Bentley,</subfield>
    <subfield code="c">1851.</subfield>
  </datafield>
  <datafield tag="300" ind1=" " ind2=" ">
    <subfield code="a">xxiii, 634, [8] p. ;</subfield>
    <subfield code="c">20 cm.</subfield>
  </datafield>
  <datafield tag="500" ind1=" " ind2=" ">
    <subfield code="a">Publisher's advertisements on final 6 p.</subfield>
  </datafield>
  <datafield tag="500" ind1=" " ind2=" ">
    <subfield code="a">First American edition.</subfield>
  </datafield>
  <datafield tag="510" ind1="4" ind2=" ">
    <subfield code="a">BAL</subfield>
    <subfield code="c">13664.</subfield>
  </datafield>
  <datafield tag="538" ind1=" " ind2=" ">
    <subfield code="a">Mode of access: Internet.</subfield>
  </datafield>
  <datafield tag="590" ind1=" " ind2=" ">
    <subfield code="a">*jsh 20070503</subfield>
  </datafield>
  <datafield tag="650" ind1=" " ind2="0">
    <subfield code="a">Whales</subfield>
    <subfield code="v">Fiction.</subfield>
  </datafield>
  <datafield tag="650" ind1=" " ind2="0">
    <subfield code="a">Whaling</subfield>
    <subfield code="v">Fiction.</subfield>
  </datafield>
  <datafield tag="650" ind1=" " ind2="0">
    <subfield code="a">Ship captains</subfield>
    <subfield code="v">Fiction.</subfield>
  </datafield>
  <datafield tag="650" ind1=" " ind2="0">
    <subfield code="a">Whaling ships</subfield>
    <subfield code="v">Fiction.</subfield>
  </datafield>
  <datafield tag="650" ind1=" " ind2="0">
    <subfield code="a">Ahab, Captain (Fictitious character)</subfield>
    <subfield code="v">Fiction.</subfield>
  </datafield>
  <datafield tag="690" ind1=" " ind2=" ">
    <subfield code="a">Provenance</subfield>
    <subfield code="x">Woodward, J. J.</subfield>
  </datafield>
  <datafield tag="690" ind1=" " ind2=" ">
    <subfield code="a">Provenance</subfield>
    <subfield code="x">Huxley, b. W.</subfield>
  </datafield>
  <datafield tag="CID" ind1=" " ind2=" ">
    <subfield code="a">001423722</subfield>
  </datafield>
  <datafield tag="DAT" ind1="0" ind2=" ">
    <subfield code="a">20131217232302.0</subfield>
    <subfield code="b">20131223000000.0</subfield>
  </datafield>
  <datafield tag="DAT" ind1="1" ind2=" ">
    <subfield code="a">20140107090509.0</subfield>
    <subfield code="b">2014-01-11T21:18:45Z</subfield>
  </datafield>
  <datafield tag="DAT" ind1="2" ind2=" ">
    <subfield code="a">2014-01-11T21:00:03Z</subfield>
  </datafield>
  <datafield tag="CAT" ind1=" " ind2=" ">
    <subfield code="a">SDR-IA-DUKE</subfield>
    <subfield code="d">UNKNOWN</subfield>
    <subfield code="l">loader.pl-003-009</subfield>
  </datafield>
  <datafield tag="FMT" ind1=" " ind2=" ">
    <subfield code="a">BK</subfield>
  </datafield>
  <datafield tag="HOL" ind1=" " ind2=" ">
    <subfield code="0">sdr-ia-duke.003857158</subfield>
    <subfield code="a">dul1</subfield>
    <subfield code="b">SDR</subfield>
    <subfield code="c">IDUKE</subfield>
    <subfield code="p">dul1.ark:/13960/t3kw6ns1s</subfield>
    <subfield code="s">DUL</subfield>
    <subfield code="1">003857158</subfield>
    <subfield code="8">ia.mobydickorwhale01melv</subfield>
  </datafield>
  <datafield tag="974" ind1=" " ind2=" ">
    <subfield code="8">ia.mobydickorwhale01melv</subfield>
    <subfield code="b">DUL</subfield>
    <subfield code="c">IDUKE</subfield>
    <subfield code="d">20140111</subfield>
    <subfield code="s">ia</subfield>
    <subfield code="u">dul1.ark:/13960/t3kw6ns1s</subfield>
    <subfield code="y">1851</subfield>
    <subfield code="r">pd</subfield>
  </datafield>
</record>
